@inproceedings{Antelmi2019,
author = {Antelmi, Luigi and Ayache, Nicholas and Robert, Philippe and Lorenzi, Marco},
booktitle = {Proc. 36th Int. Conf. Mach. Learn.},
editor = {Chaudhuri, Kamalika and Salakhutdinov, Ruslan},
pages = {302--311},
publisher = {PMLR},
title = {{Sparse Multi-Channel Variational Autoencoder for the Joint Analysis of Heterogeneous Data}},
year = {2019}
}
@article{Molchanov2017,
author = {Molchanov, Dmitry and Ashukha, Arsenii and Vetrov, Dmitry},
journal = {arXiv},
title = {{Variational Dropout Sparsifies Deep Neural Networks}},
year = {2017}
}
@article{Blei2017,
author = {Blei, David M. and Kucukelbir, Alp and McAuliffe, Jon D.},
doi = {10.1080/01621459.2017.1285773},
issn = {0162-1459},
journal = {J. Am. Stat. Assoc.},
month = {apr},
number = {518},
pages = {859--877},
title = {{Variational Inference: A Review for Statisticians}},
volume = {112},
year = {2017}
}
@article{Rezende2014,
author = {Rezende, Danilo Jimenez and Mohamed, Shakir and Wierstra, Daan},
month = {jan},
title = {{Stochastic Backpropagation and Approximate Inference in Deep Generative Models}},
year = {2014}
}
@inproceedings{Kingma2013,
author = {Kingma, Diederik P and Welling, Max},
booktitle = {Proc. 2nd Int. Conf. Learn. Represent. (ICLR2014).},
month = {dec},
title = {{Auto-Encoding Variational Bayes}},
year = {2014}
}
@article{Klami2013,
author = {Klami, Arto and Seppo, Virtanen and Kaski, Samuel},
issn = {1532-4435},
journal = {J. Mach. Learn. Res.},
pages = {965--1003},
title = {{Bayesian Canonical Correlation Analysis}},
volume = {14},
year = {2013}
}
@article{Wang2013,
author = {Wang, Sida and Manning, Christopher},
editor = {Dasgupta, Sanjoy and McAllester, David},
journal = {Proc. 30th Int. Conf. Mach. Learn.},
number = {2},
pages = {118--126},
publisher = {PMLR},
title = {{Fast dropout training}},
volume = {28},
year = {2013}
}
@article{Miriad,
author = {Malone, Ian B. and Cash, David and Ridgway, Gerard R. and MacManus, David G. and Ourselin, Sebastien and Fox, Nick C. and Schott, Jonathan M.},
doi = {10.1016/j.neuroimage.2012.12.044},
issn = {10538119},
journal = {Neuroimage},
month = {apr},
pages = {33--36},
title = {{MIRIADâ€”Public release of a multiple time point Alzheimer's MR imaging dataset}},
volume = {70},
year = {2013}
}
@article{Desikan2006,
author = {Desikan, Rahul S. and S{\'{e}}gonne, Florent and Fischl, Bruce and Quinn, Brian T. and Dickerson, Bradford C. and Blacker, Deborah and Buckner, Randy L. and Dale, Anders M. and Maguire, R. Paul and Hyman, Bradley T. and Albert, Marilyn S. and Killiany, Ronald J.},
doi = {10.1016/j.neuroimage.2006.01.021},
issn = {10538119},
journal = {Neuroimage},
pmid = {16530430},
title = {{An automated labeling system for subdividing the human cerebral cortex on MRI scans into gyral based regions of interest}},
year = {2006}
}
@article{Ashburner2000,
author = {Ashburner, John and Friston, Karl J.},
issn = {1053-8119},
journal = {Neuroimage},
month = {jun},
number = {6 Pt 1},
pages = {805--21},
title = {{Voxel-based morphometry--the methods.}},
volume = {11},
year = {2000}
}
@incollection{CatastroficForgetting,
title = {Overcoming Catastrophic Forgetting by Incremental Moment Matching},
author = {Lee, Sang-Woo and Kim, Jin-Hwa and Jun, Jaehyun and Ha, Jung-Woo and Zhang, Byoung-Tak},
booktitle = {Advances in Neural Information Processing Systems 30},
editor = {I. Guyon and U. V. Luxburg and S. Bengio and H. Wallach and R. Fergus and S. Vishwanathan and R. Garnett},
pages = {4652--4662},
year = {2017},
publisher = {Curran Associates, Inc.},
}
@article{TL,
author = {Pan, Sinno Jialin and Yang, Qiang},
issn = {1041-4347},
journal = {IEEE Trans. Knowl. Data Eng.},
month = {oct},
number = {10},
pages = {1345--1359},
title = {{A Survey on Transfer Learning}},
volume = {22},
year = {2010}
}
@article{MAML1,
author = {Finn, Chelsea and Abbeel, Pieter and Levine, Sergey},
journal = {PMLR},
month = {mar},
pages = {1126--1135},
title = {{Model-Agnostic Meta-Learning for Fast Adaptation of Deep Networks}},
volume = {70},
year = {2017}
}
@article{MAML2,
author = {Finn, Chelsea and Xu, Kelvin and Levine, Sergey},
journal = {Adv. Neural Inf. Process. Syst. 31},
month = {jun},
pages = {9516----9527},
title = {{Probabilistic Model-Agnostic Meta-Learning}},
year = {2018}
}
